=001  000000999
=LDR  01054nam 2200301 i 4500
=008  140411s2014    enka     b    001 0 eng
=010    $a  2014938176
=020    $a9780198716365$q(hbk.)
=020    $a0198716362$q(hbk.)
=040    $aDLC$cDLC$dDLC
=042    $apcc
=050 00 $aJF1525.D4$bP76 2014
=245 04 $aThe problem-solving capacity of the modern state :$bgovernance challenges and administrative capacities /$cedited by Martin Lodge and Kai Wegrich.
=250    $aFirst edition.
=264  1 $aOxford, United Kingdom ;$aNew York, NY :$bOxford University Press,$c2014.
=300    $axviii, 308 pages :$billustrations ;$c25 cm
=336    $atext$btxt$2rdacontent
=337    $aunmediated$bn$2rdamedia
=338    $avolume$bnc$2rdacarrier
=504    $aIncludes bibliographical references and index.
=505 0  $aIntroduction : Governance innovation, administrative capacities, and policy instruments / Martin Lodge and Kai Wegrich -- Delivery capacity / Peter Hupe and Michael Hill -- Coordination capacity / Kai Wegrich and Vid Štimac -- Regulatory capacity / Martin Lodge -- Analytical capacity / Salvador Parrado -- Management capacity and performance in European public administrations / Gerhard Hammerschmid, Vid Štimac, and Kai Wegrich -- Demographic change and welfare state restructuring / Michaela Kreyenfeld and Anika Rasner -- Sustainability : innovations through sector integration and new instruments / Andrea Lenschow -- Governance dilemmas of the contemporary state : the politics of infrastructure policy / Jacint Jordana -- Wicked problems, clumsy solutions, and messy institutions in transnational governance / Marco Verweij -- Capacity and constraint : governance through international and transnational law / Nico Krisch -- Administrative capacities in the EU : consequences of multi-level policy-making / Eva G. Heidbreder -- Collaborative innovation and governance capacity / Eva Sørensen and Jacob Torfing -- Capacity, innovation, and their interaction in multi-stakeholder sustainability initiatives / Kira Matus -- Conclusion : Problem-solving capacity and the modern state / Martin Lodge and Kai Wegrich.
=520    $aMoves toward a cross-sectoral perspective that takes into account the cumulative nature of the contemporary challenge to governance focusing on the key governance areas of infrastructure, sustainability, social welfare, and social integration; second, by considering innovations that have sought to add problem-solving capacity; and third, by exploring the kind of administrative capacities (delivery, regulatory, coordination, and analytical) required to encourage and sustain innovative problem-solving.--Provided by publisher
=650  0 $aPublic administration$xDecision making.
=650  0 $aCorporate governance.
=650  0 $aProblem solving.
=700 1  $aLodge, Martin,$d1972-$eeditor of compilation.
=700 1  $aWegrich, Kai,$eeditor of compilation.
=997    $aEXCELID=2&Z3950LOCATE=LCC


=001  000001000
