=LDR  01054nam 2200301 i 4500
=008  121207s2013    mdua     b    001 0 eng
=010    $a  2012044861
=020    $a9780810887480 (pbk.)
=020    $z9780810887497 (ebook)
=040    $aDLC$beng$cDLC$erda$dDLC
=042    $apcc
=043    $an-us---
=050 00 $aZ711$b.C88 2013
=082 00 $a025.50973$223
=245 00 $aCustomer service in libraries :$bbest practices /$cedited by Charles Harmon, Michael Messina.
=264  1 $aLanham :$bThe Scarecrow Press, Inc.,$c2013.
=300    $ax, 108 pages :$billustrations ;$c23 cm
=336    $atext$2rdacontent
=337    $aunmediated$2rdamedia
=338    $avolume$2rdacarrier
=504    $aIncludes bibliographical references and index.
=505 0  $aService is personal: the Howard County Library System customer service program / Lewis Belfont -- Technically speaking : technology planning as the backbone of good customer service / Karen C. Knox -- The Darien Library's picture book reorganization : a collection designed with patrons in mind / Kiera Parrott -- STARS : launching a customer service model in Riverside County / Mark Smith -- The collaborative conversation : connecting libraries and readers using Web 2.0 tools / Judi Repman -- Improving customer service by utilizing an existing technology innovatively / Adriana Gonzalez -- Service delivery chains as a strategy for improving library customer service / John Huber -- The buzz on patron service / Shannon Hodgins Halikias -- Make your library fantastic for homeschoolers / Abby Johnson.
=650  0 $aPublic services (Libraries)$zUnited States.
=650  0 $aCustomer services$zUnited States.
=700 1  $aHarmon, Charles,$d1960-
=700 1  $aMessina, Michael.
=997    $aEXCELID=3&Z3950LOCATE=LCC


=001  000001001
