=LDR  01054nam 2200301 i 4500
=008  130321t2013    nyu           001 0 eng
=010    $a  2013010064
=020    $a9780814433188
=020    $a0814433189
=040    $aDLC$beng$cDLC$erda$dDLC
=042    $apcc
=050 00 $aHD58.6$b.T73 2013
=082 00 $a658.4/052$223
=100 1  $aTracy, Brian.
=245 10 $aNegotiation /$cBrian Tracy.
=264  1 $aNew York :$bAmerican Management Association,$c[2013]
=264  4 $c©2013
=300    $a102 pages ;$c17 cm
=336    $atext$2rdacontent
=337    $aunmediated$2rdamedia
=338    $avolume$2rdacarrier
=490 0  $aThe Brian Tracy Success Library
=500    $aIncludes index.
=650  0 $aNegotiation in business.
=997    $aEXCELID=4&Z3950LOCATE=LCC


=001  000001002
