=LDR  01054nam 2200301 i 4500
=008  130827s2013    enka     b    001 0 eng
=010    $a  2013034708
=020    $a9780857281111 (Pbk. : alk. paper)
=020    $a0857281119  (Pbk. : alk. paper)
=040    $aDLC$beng$cDLC$erda
=042    $apcc
=050 00 $aZ278$b.B48 2013
=082 00 $a070.5$223
=100 1  $aBhaskar, Michael.
=245 14 $aThe content machine :$btowards a theory of publishing from the printing press to the digital network /$cMichael Bhaskar.
=264  1 $aLondon ;$aNew York :$bAnthem Press,$c[2013]
=300    $a217 pages :$billustrations ;$c22 cm
=336    $atext$2rdacontent
=337    $aunmediated$2rdamedia
=338    $avolume$2rdacarrier
=504    $aIncludes bibliographical references (pages 197-212) and index.
=505 0  $aThe problem of publishing -- The digital context and challenge -- How content works -- The system of publishing -- Models -- Addressing problems, meeting challenges.
=650  0 $aPublishers and publishing.
=650  0 $aPublishers and publishing$xHistory.
=650  0 $aElectronic publishing.
=650  0 $aFrames (Information theory)
=997    $aEXCELID=5&Z3950LOCATE=LCC


=001  000001003
