=LDR  01054nam 2200301 i 4500
=008  131129s2014    mdua     b    001 0 eng
=010    $a  2013040159
=020    $a9780810891036 (pbk. : alk. paper)
=020    $z9780810891043 (ebook)
=040    $aDLC$beng$cDLC$erda$dDLC
=042    $apcc
=050 00 $aZ692.A93$bM37 2014
=082 00 $a025.17/7$223
=100 1  $aMariner, Matthew C.,$d1984-
=245 10 $aManaging digital audiovisual resources :$ba practical guide for librarians /$cMatthew C. Mariner.
=264  1 $aLanham, Maryland :$bRowman & Littlefield,$c[2014]
=300    $axv, 129 pages :$billustrations ;$c28 cm.
=336    $atext$2rdacontent
=337    $aunmediated$2rdamedia
=338    $avolume$2rdacarrier
=490 0  $aPractical guides for librarians ;$vno. 3
=504    $aIncludes bibliographical references and index.
=650  0 $aLibraries$xSpecial collections$xAudio-visual materials.
=650  0 $aAudio-visual materials$xDigitization.
=997    $aEXCELID=6&Z3950LOCATE=LCC


=001  000001004
