=LDR  01054nam 2200301 i 4500
=008  131209s2014    mdu      b    001 0 eng
=010    $a  2013040881
=020    $a9780810892477 (pbk. : alk. paper)
=020    $z9780810892484 (ebook)
=040    $aDLC$beng$cDLC$erda$dDLC
=042    $apcc
=050 00 $aZ678.93.C67$bH37 2014
=082 00 $a025.00285$223
=100 1  $aHastings, Robin,$d1973-
=245 10 $aOutsourcing technology :$ba practical guide for librarians /$cRobin Hastings.
=264  1 $aLanham, Maryland :$bRowman & Littlefield,$c[2014]
=300    $axv, 107 pages ;$c28 cm.
=336    $atext$2rdacontent
=337    $aunmediated$2rdamedia
=338    $avolume$2rdacarrier
=490 0  $aPractical guides for librarians ;$vno. 4
=504    $aIncludes bibliographical references and index.
=650  0 $aLibraries$xAutomation$xContracting out.
=997    $aEXCELID=7&Z3950LOCATE=LCC


=001  000001005
