=LDR  01054nam 2200301 i 4500
=008  140819s2015    enka     b    000 0 eng d
=015    $aGBB4B4231$2bnb
=020    $a9781908625243 (pbk.) :$c£12.00
=020    $z9781908625250 (ebook) :$c£11.99
=035    $a(Uk)016891460
=040    $aStDuBDS$beng$cStDuBDS$dUk$erda
=042    $aukblcatcopy
=082 04 $a610.730151$223
=100 1  $aDavison, Neil,$eauthor.
=245 10 $aNumeracy and clinical calculations for nurses /$cNeil Davison.
=264  1 $aBanbury :$bLantern Publishing,$c[2015]
=300    $aviii, 168 pages :$billustrations ;$c24 cm
=336    $atext$2rdacontent
=337    $aunmediated$2rdamedia
=338    $avolume$2rdacarrier
=504    $aIncludes bibliographical references.
=530    $aAlso issued online.
=500    $aFormerly CIP.$5Uk
=650  0 $aNursing$xMathematics.
=650  0 $aPharmaceutical arithmetic.
=776 08 $iebook version :$z9781908625250
=852    $aUkOxU$bBODBL$hXWeek 06 (15)
=997    $aEXCELID=9&Z3950LOCATE=OXFORD


=001  000001007
