=LDR  01054nam 2200301 i 4500
=008  151005s2016    enk     ob    001 0 eng d
=020    $a9780199383658$qelectronic bk.
=020    $a0199383650$qelectronic bk.
=020    $z9780199383641
=020    $z0199383642
=035    $a(OCoLC)922889051
=035    $aNHCCYBP$b99966370763
=040    $aN$T$beng$erda$epn$cN$T$dOCLCO$dIDEBK$dYDXCP$dCDX
=050  4 $aBF575.S45$bF27 2016eb
=072  7 $aPSY$x024000$2bisacsh
=082 04 $a152.4/4$223
=100 1  $aFast, Jonathan.
=245 10 $aBeyond bullying :$bbreaking the cycle of shame, bullying, and violence /$cJonathan Fast.
=264  1 $aOxford ;$aNew York :$bOxford University Press,$c[2016]
=300    $a1 online resource.
=336    $atext$btxt$2rdacontent
=337    $acomputer$bc$2rdamedia
=338    $aonline resource$bcr$2rdacarrier
=590    $aSingle user at a time.
=504    $aIncludes bibliographical references and index.
=505 0  $aAbout shame -- Bullying in and out of schools -- The bullying of LGBT teens -- The bulling of LGBT teens, part II: suicide clusters -- The bullying of women by men -- The bullying of blacks and hispanics by whites -- Failures in shame management: school shootings and acts of domestic terrorism -- Restoring dignity.
=588 0  $aPrint version record.
=650  0 $aShame.
=650  0 $aBullying.
=650  0 $aBullying$xPrevention.
=655  4 $aElectronic books.
=776 08 $iPrint version:$aFast, Jonathan.$tBeyond bullying$z9780199383641$w(DLC)  2015011398$w(OCoLC)906171890
=852 8  $bNET$zMIT Access Only$h**See URL(s)$4Internet Resource
=049    $aMYGG
=997    $aEXCELID=10&Z3950LOCATE=MIT


=001  000001008
