=LDR  01054nam 2200301 i 4500
=008  140619s2014    vau      b    001 0 eng
=010    $a  2014015242
=020    $a9781579228545 (cloth : alk. paper)
=020    $a9781579228552 (pbk. : alk. paper)
=020    $z9781579228576 (consumer e-edition)
=020    $z9781579228569 (library networkable e-edition)
=040    $aDLC$beng$cDLC$erda
=042    $apcc
=050 00 $aLC5803.C65$bC85 2014
=082 00 $a371.35/8$223
=245 00 $aCulture and online learning :$bglobal perspectives and research /$cedited by Insung Jung and Charlotte Nirmalani Gunawardena.
=263    $a1407
=264  1 $aSterling, Virginia :$bStylus Publishing, LLC,$c[2014]
=300    $apages cm.
=336    $atext$2rdacontent
=337    $aunmediated$2rdamedia
=338    $avolume$2rdacarrier
=490 0  $aOnline learning and distance education series
=504    $aIncludes bibliographical references and index.
=650  0 $aDistance education$xComputer-assisted instruction$xSocial aspects.
=650  0 $aMulticultural education$xComputer-assisted instruction.
=650  0 $aEducation and globalization.
=700 1  $aJung, Insung,$d1959-$eeditor of compilation.
=700 1  $aGunawardena, Charlotte Nirmalani$eeditor of compilation.
=997    $aEXCELID=11&Z3950LOCATE=LCC


